
@inproceedings{ameller2012software,
  title={How do software architects consider non-functional requirements: An exploratory study},
  author={Ameller, David and Ayala, Claudia and Cabot, Jordi and Franch, Xavier},
  booktitle={2012 20th IEEE international requirements engineering conference (RE)},
  pages={41--50},
  year={2012},
  organization={IEEE}
}

@article{grambow,
	title = {{Using Microbenchmark Suites to Detect Application Performance Changes}},
	journal = {{IEEE} Transactions on Cloud Computing},
	volume = {Early Access},
	author = {Grambow, Martin and Kovalev, Denis and Laaber, Christoph Laaber and Leitner, Philipp and Bermbach, David},
	year = {2022}
}

@article{grambow2021usingApplication,
  title={Using application benchmark call graphs to quantify and improve the practical relevance of microbenchmark suites},
  author={Grambow, Martin and Laaber, Christoph and Leitner, Philipp and Bermbach, David},
  journal={PeerJ Computer Science},
  volume={7},
  pages={e548},
  year={2021},
  publisher={PeerJ Inc.}
}

@inproceedings{chen2017exploratory,
  title={An exploratory study of performance regression introducing code changes},
  author={Chen, Jinfu and Shang, Weiyi},
  booktitle={2017 ieee international conference on software maintenance and evolution (icsme)},
  pages={341--352},
  year={2017},
  organization={IEEE}
}

@inproceedings{bulej2019initial,
  title={Initial experiments with duet benchmarking: Performance testing interference in the cloud},
  author={Bulej, Lubom{\'\i}r and Hork{\`y}, Vojt{\v{e}}ch and T{\uu}ma, Petr},
  booktitle={2019 IEEE 27th International Symposium on Modeling, Analysis, and Simulation of Computer and Telecommunication Systems (MASCOTS)},
  pages={249--255},
  year={2019},
  organization={IEEE}
}

@article{gunningberg1989application,
  title={Application protocols and performance benchmarks},
  author={Gunningberg, Per and Bjorkman, Mats and Nordmark, Erik and Pink, Stephen and Sjodin, Peter and Stromquist, J-E},
  journal={IEEE Communications Magazine},
  volume={27},
  number={6},
  pages={30--36},
  year={1989},
  publisher={IEEE}
}

@inproceedings{dimitrov2000impact,
  title={Impact of latency on applications’ performance},
  author={Dimitrov, Rossen and Skjellum, Anthony},
  booktitle={Proceedings of the Fourth MPI Developer’s and User’s Conference},
  year={2000}
}

@inproceedings{denaro2004early,
  title={Early performance testing of distributed software applications},
  author={Denaro, Giovanni and Polini, Andrea and Emmerich, Wolfgang},
  booktitle={Proceedings of the 4th International Workshop on Software and Performance},
  pages={94--103},
  year={2004}
}

@article{alghamdi2023towards,
  title={Towards reducing the time needed for load testing},
  author={AlGhamdi, Hammam M and Bezemer, Cor-Paul and Shang, Weiyi and Hassan, Ahmed E and Flora, Parminder},
  journal={Journal of Software: Evolution and Process},
  volume={35},
  number={3},
  pages={e2276},
  year={2023},
  publisher={Wiley Online Library}
}

@article{r2006throughput,
  title={Throughput: a simple performance index with desirable characteristics},
  author={R. Thorne, David},
  journal={Behavior research methods},
  volume={38},
  number={4},
  pages={569--573},
  year={2006},
  publisher={Springer}
}

@inproceedings{nistor2013discovering,
  title={Discovering, reporting, and fixing performance bugs},
  author={Nistor, Adrian and Jiang, Tian and Tan, Lin},
  booktitle={2013 10th working conference on mining software repositories (MSR)},
  pages={237--246},
  year={2013},
  organization={IEEE}
}

@article{bermbach2017quality,
  title={Quality of cloud services: Expect the unexpected},
  author={Bermbach, David},
  journal={IEEE Internet Computing},
  volume={21},
  number={1},
  pages={68--72},
  year={2017},
  publisher={IEEE}
}

@inproceedings{nguyen2014industrial,
  title={An industrial case study of automatically identifying performance regression-causes},
  author={Nguyen, Thanh HD and Nagappan, Meiyappan and Hassan, Ahmed E and Nasser, Mohamed and Flora, Parminder},
  booktitle={Proceedings of the 11th working conference on mining software repositories},
  pages={232--241},
  year={2014}
}

@inproceedings{foo2010mining,
  title={Mining performance regression testing repositories for automated performance analysis},
  author={Foo, King Chun and Jiang, Zhen Ming and Adams, Bram and Hassan, Ahmed E and Zou, Ying and Flora, Parminder},
  booktitle={2010 10th International Conference on Quality Software},
  pages={32--41},
  year={2010},
  organization={IEEE}
}

@inproceedings{shang2015automatedDetection,
  title={Automated detection of performance regressions using regression models on clustered performance counters},
  author={Shang, Weiyi and Hassan, Ahmed E and Nasser, Mohamed and Flora, Parminder},
  booktitle={Proceedings of the 6th ACM/SPEC International Conference on Performance Engineering},
  pages={15--26},
  year={2015}
}

@inproceedings{alghmadi2016automated,
  title={An automated approach for recommending when to stop performance tests},
  author={Alghmadi, Hammam M and Syer, Mark D and Shang, Weiyi and Hassan, Ahmed E},
  booktitle={2016 IEEE International conference on software maintenance and evolution (ICSME)},
  pages={279--289},
  year={2016},
  organization={IEEE}
}

@inproceedings{scheuner2018cloudBenchmarkingSuit,
  title={A cloud benchmark suite combining micro and applications benchmarks},
  author={Scheuner, Joel and Leitner, Philipp},
  booktitle={Companion of the 2018 ACM/SPEC International Conference on Performance Engineering},
  pages={161--166},
  year={2018}
}

@article{ali2022performance,
  title={Performance testing as a service using cloud computing environment: A survey},
  author={Ali, Amira and Maghawry, Huda Amin and Badr, Nagwa},
  journal={Journal of Software: Evolution and Process},
  volume={34},
  number={12},
  pages={e2492},
  year={2022},
  publisher={Wiley Online Library}
}

@inproceedings{alshoaibi2019DetectionofPerformance,
  title={Price: Detection of performance regression introducing code changes using static and dynamic metrics},
  author={Alshoaibi, Deema and Hannigan, Kevin and Gupta, Hiten and Mkaouer, Mohamed Wiem},
  booktitle={Search-Based Software Engineering: 11th International Symposium, SSBSE 2019, Tallinn, Estonia, August 31--September 1, 2019, Proceedings 11},
  pages={75--88},
  year={2019},
  organization={Springer}
}

@article{hwang2015cloudperformance,
  title={Cloud performance modeling with benchmark evaluation of elastic scaling strategies},
  author={Hwang, Kai and Bai, Xiaoying and Shi, Yue and Li, Muyang and Chen, Wen-Guang and Wu, Yongwei},
  journal={IEEE Transactions on parallel and distributed systems},
  volume={27},
  number={1},
  pages={130--143},
  year={2015},
  publisher={IEEE}
}

@inproceedings{japke2023earlymicrobenchmarkcatches,
  title={The Early Microbenchmark Catches the Bug--Studying Performance Issues Using Micro-and Application Benchmarks},
  author={Japke, Nils and Witzko, Christoph and Grambow, Martin and Bermbach, David},
  booktitle={Proceedings of the IEEE/ACM 16th International Conference on Utility and Cloud Computing},
  pages={1--10},
  year={2023}
}

@inproceedings{he2019statistics,
  title={A statistics-based performance testing methodology for cloud applications},
  author={He, Sen and Manns, Glenna and Saunders, John and Wang, Wei and Pollock, Lori and Soffa, Mary Lou},
  booktitle={Proceedings of the 2019 27th ACM Joint Meeting on European Software Engineering Conference and Symposium on the Foundations of Software Engineering},
  pages={188--199},
  year={2019}
}

@article{laaber2022multi,
  title={Multi-objective search-based software microbenchmark prioritization},
  author={Laaber, Christoph and Yue, Tao and Ali, Shaukat},
  journal={arXiv preprint arXiv: 2211.13525},
  year={2022}
}

@article{varghese2021survey,
  title={A survey on edge performance benchmarking},
  author={Varghese, Blesson and Wang, Nan and Bermbach, David and Hong, Cheol-Ho and Lara, Eyal De and Shi, Weisong and Stewart, Christopher},
  journal={ACM Computing Surveys (CSUR)},
  volume={54},
  number={3},
  pages={1--33},
  year={2021},
  publisher={ACM New York, NY, USA}
}

@inproceedings{folkerts2012benchmarking,
  title={Benchmarking in the cloud: What it should, can, and cannot be},
  author={Folkerts, Enno and Alexandrov, Alexander and Sachs, Kai and Iosup, Alexandru and Markl, Volker and Tosun, Cafer},
  booktitle={Technology Conference on Performance Evaluation and Benchmarking},
  pages={173--188},
  year={2012},
  organization={Springer}
}

@inproceedings{bulej2020duet,
  title={Duet benchmarking: Improving measurement accuracy in the cloud},
  author={Bulej, Lubom{\'\i}r and Hork{\`y}, Vojt{\v{e}}ch and Tuma, Petr and Farquet, Fran{\c{c}}ois and Prokopec, Aleksandar},
  booktitle={Proceedings of the ACM/SPEC International Conference on Performance Engineering},
  pages={100--107},
  year={2020}
}

@inproceedings{tsuji2017performanceprojection,
  title={A performance projection of mini-applications onto benchmarks toward the performance projection of real-applications},
  author={Tsuji, Miwako and Kramer, William TC and Sato, Mitsuhisa},
  booktitle={2017 IEEE International Conference on Cluster Computing (CLUSTER)},
  pages={826--833},
  year={2017},
  organization={IEEE}
}

@article{gillam2013fair,
  title={Fair benchmarking for cloud computing systems},
  author={Gillam, Lee and Li, Bin and O’Loughlin, John and Tomar, Anuz Pratap Singh},
  journal={Journal of Cloud Computing: Advances, Systems and Applications},
  volume={2},
  pages={1--45},
  year={2013},
  publisher={Springer}
}

@inproceedings{snellman2011towardsAutomatic,
  title={Towards automatic performance and scalability testing of rich internet applications in the cloud},
  author={Snellman, Niclas and Ashraf, Adnan and Porres, Ivan},
  booktitle={2011 37th EUROMICRO Conference on Software Engineering and Advanced Applications},
  pages={161--169},
  year={2011},
  organization={IEEE}
}

@inproceedings{vazquez2014cloudBenchmarkSurvey,
  title={Cloud computing benchmarking: a survey},
  author={Vazquez, Carlos and Krishnan, Ram and John, Eugene},
  booktitle={Proceedings of the international conference on grid, cloud, and cluster computing (GCC)},
  pages={1},
  year={2014},
  organization={The Steering Committee of The World Congress in Computer Science, Computer~…}
}

@inproceedings{scheuner2018estimatingCloudApplication,
  title={Estimating cloud application performance based on micro-benchmark profiling},
  author={Scheuner, Joel and Leitner, Philipp},
  booktitle={2018 IEEE 11th International Conference on Cloud Computing (CLOUD)},
  pages={90--97},
  year={2018},
  organization={IEEE}
}

@inproceedings{borhani2014wpress,
  title={Wpress: An application-driven performance benchmark for cloud-based virtual machines},
  author={Borhani, Amir Hossein and Leitner, Philipp and Lee, Bu-Sung and Li, Xiaorong and Hung, Terence},
  booktitle={2014 ieee 18th international enterprise distributed object computing conference},
  pages={101--109},
  year={2014},
  organization={IEEE}
}

@article{langer2011virtualmachineperformancebenchmarking,
  title={Virtual machine performance benchmarking},
  author={Langer, Steve G and French, Todd},
  journal={Journal of digital imaging},
  volume={24},
  pages={883--889},
  year={2011},
  publisher={Springer}
}

@inproceedings{iosup2011performanceVariability,
  title={On the performance variability of production cloud services},
  author={Iosup, Alexandru and Yigitbasi, Nezih and Epema, Dick},
  booktitle={2011 11th IEEE/ACM International Symposium on Cluster, Cloud and Grid Computing},
  pages={104--113},
  year={2011},
  organization={IEEE}
}

@article{varghese2016cloudbenchmarkingformaximising,
  title={Cloud benchmarking for maximising performance of scientific applications},
  author={Varghese, Blesson and Akgun, Ozgur and Miguel, Ian and Thai, Long and Barker, Adam},
  journal={IEEE Transactions on Cloud Computing},
  volume={7},
  number={1},
  pages={170--182},
  year={2016},
  publisher={IEEE}
}

@inproceedings{yadwadkar2017selectingthebest,
  title={Selecting the best vm across multiple public clouds: A data-driven performance modeling approach},
  author={Yadwadkar, Neeraja J and Hariharan, Bharath and Gonzalez, Joseph E and Smith, Burton and Katz, Randy H},
  booktitle={Proceedings of the 2017 symposium on cloud computing},
  pages={452--465},
  year={2017}
}

@article{laaber2019softwaremicrobenchmarkinginthecloud,
  title={Software microbenchmarking in the cloud. How bad is it really?},
  author={Laaber, Christoph and Scheuner, Joel and Leitner, Philipp},
  journal={Empirical Software Engineering},
  volume={24},
  number={4},
  pages={2469--2508},
  year={2019},
  publisher={Springer}
}

@inproceedings{xiong2013Anautomatedmodeldrivenframework,
  title={An automated model-driven framework for application performance diagnosis in consolidated cloud environments},
  author={Xiong, Pengcheng and Pu, Calton and Zhu, Xiaoyun and Griffith, Rean},
  booktitle={Proceedings of the 4th ACM/SPEC International Conference on Performance Engineering},
  pages={271--282},
  year={2013}
}

@inproceedings{laaber2019continuous,
  title={Continuous software performance assessment: detecting performance problems of software libraries on every build},
  author={Laaber, Christoph},
  booktitle={Proceedings of the 28th ACM SIGSOFT International Symposium on Software Testing and Analysis},
  pages={410--414},
  year={2019}
}

@inproceedings{bondi2000characteristics,
  title={Characteristics of scalability and their impact on performance},
  author={Bondi, Andr{\'e} B},
  booktitle={Proceedings of the 2nd international workshop on Software and performance},
  pages={195--203},
  year={2000}
}

@article{grambow2020benchmarkingMicroservicesApplication,
  title={Benchmarking the performance of microservice applications},
  author={Grambow, Martin and Wittern, Erik and Bermbach, David},
  journal={ACM SIGAPP Applied Computing Review},
  volume={20},
  number={3},
  pages={20--34},
  year={2020},
  publisher={ACM New York, NY, USA}
}

@inproceedings{grambow2019continuousBenchmarking,
  title={Continuous benchmarking: Using system benchmarking in build pipelines},
  author={Grambow, Martin and Lehmann, Fabian and Bermbach, David},
  booktitle={2019 IEEE International Conference on Cloud Engineering (IC2E)},
  pages={241--246},
  year={2019},
  organization={IEEE}
}

@inproceedings{grambow2020benchmarkingMicroservicesperformance,
  title={Benchmarking microservice performance: a pattern-based approach},
  author={Grambow, Martin and Meusel, Lukas and Wittern, Erik and Bermbach, David},
  booktitle={Proceedings of the 35th Annual ACM Symposium on Applied Computing},
  pages={232--241},
  year={2020}
}

@inproceedings{palit2016demystifying,
  title={Demystifying cloud benchmarking},
  author={Palit, Tapti and Shen, Yongming and Ferdman, Michael},
  booktitle={2016 IEEE international symposium on performance analysis of systems and software (ISPASS)},
  pages={122--132},
  year={2016},
  organization={IEEE}
}

@inproceedings{bermbach2017benchfoundry,
  title={BenchFoundry: A benchmarking framework for cloud storage services},
  author={Bermbach, David and Kuhlenkamp, J{\"o}rn and Dey, Akon and Ramachandran, Arunmoezhi and Fekete, Alan and Tai, Stefan},
  booktitle={Service-Oriented Computing: 15th International Conference, ICSOC 2017, Malaga, Spain, November 13--16, 2017, Proceedings},
  pages={314--330},
  year={2017},
  organization={Springer}
}

@inproceedings{gil2011microbenchmarkleasonslearned,
  title={A microbenchmark case study and lessons learned},
  author={Gil, Joseph Yossi and Lenz, Keren and Shimron, Yuval},
  booktitle={Proceedings of the compilation of the co-located workshops on DSM'11, TMC'11, AGERE! 2011, AOOPES'11, NEAT'11, \& VMIL'11},
  pages={297--308},
  year={2011}
}

@inproceedings{seltzer1999thecaseforapplicationspecific,
  title={The case for application-specific benchmarking},
  author={Seltzer, Margo and Krinsky, David and Smith, Keith and Zhang, Xiaolan},
  booktitle={Proceedings of the Seventh Workshop on Hot Topics in Operating Systems},
  pages={102--107},
  year={1999},
  organization={IEEE}
}

@inproceedings{abedi2017conductingrepeatable,
  title={Conducting repeatable experiments in highly variable cloud computing environments},
  author={Abedi, Ali and Brecht, Tim},
  booktitle={Proceedings of the 8th ACM/SPEC on International Conference on Performance Engineering},
  pages={287--292},
  year={2017}
}

@inproceedings{zampetti2021cicdpipelinesevulution,
  title={CI/CD pipelines evolution and restructuring: A qualitative and quantitative study},
  author={Zampetti, Fiorella and Geremia, Salvatore and Bavota, Gabriele and Di Penta, Massimiliano},
  booktitle={2021 IEEE International Conference on Software Maintenance and Evolution (ICSME)},
  pages={471--482},
  year={2021},
  organization={IEEE}
}

@inproceedings{rangnau2020continuoussecuritytesting,
  title={Continuous security testing: A case study on integrating dynamic security testing tools in ci/cd pipelines},
  author={Rangnau, Thorsten and Buijtenen, Remco v and Fransen, Frank and Turkmen, Fatih},
  booktitle={2020 IEEE 24th International Enterprise Distributed Object Computing Conference (EDOC)},
  pages={145--154},
  year={2020},
  organization={IEEE}
}

@article{joshi2022implementingAutomatedTesting,
  title={Implementing Automated Testing Frameworks in CI/CD Pipelines: Improving Code Quality and Reducing Time to Market},
  author={Joshi, Nikhil Yogesh},
  journal={International Journal on Recent and Innovation Trends in Computing and Communication},
  volume={10},
  number={6},
  pages={106--113},
  year={2022}
}

@article{goyal2024optimisingcloudbasedcicd,
  title={Optimising cloud-based CI/CD pipelines: Techniques for rapid software deployment},
  author={Goyal, Abhishek},
  journal={Int J Eng Res},
  volume={11},
  number={11},
  pages={896--904},
  year={2024}
}

@inproceedings{laaber2018evaluationofopensourcesoftware,
  title={An evaluation of open-source software microbenchmark suites for continuous performance assessment},
  author={Laaber, Christoph and Leitner, Philipp},
  booktitle={Proceedings of the 15th international conference on mining software repositories},
  pages={119--130},
  year={2018}
}

@inproceedings{schirmer2024elastibench,
  title={ElastiBench: Scalable Continuous Benchmarking on Cloud FaaS Platforms},
  author={Schirmer, Trever and Pfandzelter, Tobias and Bermbach, David},
  booktitle={2024 IEEE International Conference on Cloud Engineering (IC2E)},
  pages={83--92},
  year={2024},
  organization={IEEE}
}

@article{laaber2024evaluatingSeachbasedsoftware,
  title={Evaluating search-based software microbenchmark prioritization},
  author={Laaber, Christoph and Yue, Tao and Ali, Shaukat},
  journal={IEEE Transactions on Software Engineering},
  year={2024},
  publisher={IEEE}
}

@article{laaber2021applyingtcp,
  title={Applying test case prioritization to software microbenchmarks},
  author={Laaber, Christoph and Gall, Harald C and Leitner, Philipp},
  journal={Empirical Software Engineering},
  volume={26},
  number={6},
  pages={133},
  year={2021},
  publisher={Springer}
}

@article{sun2022dissecting,
  title={Dissecting tensor cores via microbenchmarks: Latency, throughput and numeric behaviors},
  author={Sun, Wei and Li, Ang and Geng, Tong and Stuijk, Sander and Corporaal, Henk},
  journal={IEEE Transactions on Parallel and Distributed Systems},
  volume={34},
  number={1},
  pages={246--261},
  year={2022},
  publisher={IEEE}
}

@article{wang2009mean,
  title={Mean squared error: Love it or leave it? A new look at signal fidelity measures},
  author={Wang, Zhou and Bovik, Alan C},
  journal={IEEE signal processing magazine},
  volume={26},
  number={1},
  pages={98--117},
  year={2009},
  publisher={IEEE}
}

@article{vrigazova2021proportion,
  title={The proportion for splitting data into training and test set for the bootstrap in classification problems},
  author={Vrigazova, Borislava},
  journal={Business Systems Research: International Journal of the Society for Advancing Innovation and Research in Economy},
  volume={12},
  number={1},
  pages={228--242},
  year={2021}
}

@article{chicco2021coefficientofdetermination,
  title={The coefficient of determination R-squared is more informative than SMAPE, MAE, MAPE, MSE and RMSE in regression analysis evaluation},
  author={Chicco, Davide and Warrens, Matthijs J and Jurman, Giuseppe},
  journal={Peerj computer science},
  volume={7},
  pages={e623},
  year={2021},
  publisher={PeerJ Inc.}
}

@article{mcdonald2009ridgeregression,
  title={Ridge regression},
  author={McDonald, Gary C},
  journal={Wiley Interdisciplinary Reviews: Computational Statistics},
  volume={1},
  number={1},
  pages={93--100},
  year={2009},
  publisher={Wiley Online Library}
}

@article{wang2009meansquareerror,
  title={Mean squared error: Love it or leave it? A new look at signal fidelity measures},
  author={Wang, Zhou and Bovik, Alan C},
  journal={IEEE signal processing magazine},
  volume={26},
  number={1},
  pages={98--117},
  year={2009},
  publisher={IEEE}
}

@article{gao2024rrquaredhowmuch,
  title={R-Squared (R2)--How much variation is explained?},
  author={Gao, Jian},
  journal={Research Methods in Medicine \& Health Sciences},
  volume={5},
  number={4},
  pages={104--109},
  year={2024},
  publisher={SAGE Publications Sage UK: London, England}
}

@misc{onyutharfromrsquared,
  title={From R-squared to coefficient of model accuracy for assessing “goodness-of-fits.” Geosci Model Dev Discuss. 2020; 2020: 1--25},
  author={Onyutha, C}
}

@inproceedings{trancoso2005reducingTPC,
  title={Reducing TPC-H benchmarking time},
  author={Trancoso, Pedro and Adamou, Christodoulos and Vandierendonck, Hans},
  booktitle={Advances in Informatics: 10th Panhellenic Conference on Informatics, PCI 2005, Volas, Greece, November 11-13, 2005. Proceedings 10},
  pages={641--650},
  year={2005},
  organization={Springer}
}

@inproceedings{mostafa2017perfrankerprioritization,
  title={Perfranker: Prioritization of performance regression tests for collection-intensive software},
  author={Mostafa, Shaikh and Wang, Xiaoyin and Xie, Tao},
  booktitle={Proceedings of the 26th ACM SIGSOFT International Symposium on Software Testing and Analysis},
  pages={23--34},
  year={2017}
}

@inproceedings{de2017perphecyperformance,
  title={Perphecy: Performance regression test selection made simple but effective},
  author={De Oliveira, Augusto Born and Fischmeister, Sebastian and Diwan, Amer and Hauswirth, Matthias and Sweeney, Peter F},
  booktitle={2017 IEEE International Conference on Software Testing, Verification and Validation (ICST)},
  pages={103--113},
  year={2017},
  organization={IEEE}
}

@article{scholkopf1998nonlinearcomponent,
  title={Nonlinear component analysis as a kernel eigenvalue problem},
  author={Sch{\"o}lkopf, Bernhard and Smola, Alexander and M{\"u}ller, Klaus-Robert},
  journal={Neural computation},
  volume={10},
  number={5},
  pages={1299--1319},
  year={1998},
  publisher={MIT Press}
}

@book{Jolliffe2002PCA,
  author    = {I. T. Jolliffe},
  title     = {Principal Component Analysis},
  series    = {Springer Series in Statistics},
  edition   = {2},
  publisher = {Springer-Verlag},
  address   = {New York},
  year      = {2002},
  doi       = {10.1007/b98835},
  isbn      = {0-387-95442-2},
  url       = {https://doi.org/10.1007/b98835}
}

@article{leitnerPatternsinthechaos, 
author = {Leitner, Philipp and Cito, J\"{u}rgen},
title = {Patterns in the Chaos—A Study of Performance Variation and Predictability in Public IaaS Clouds},
year = {2016},
issue_date = {August 2016},
publisher = {Association for Computing Machinery},
address = {New York, NY, USA},
volume = {16},
number = {3},
issn = {1533-5399},
url = {https://doi.org/10.1145/2885497},
doi = {10.1145/2885497},
abstract = {Benchmarking the performance of public cloud providers is a common research topic. Previous work has already extensively evaluated the performance of different cloud platforms for different use cases, and under different constraints and experiment setups. In this article, we present a principled, large-scale literature review to collect and codify existing research regarding the predictability of performance in public Infrastructure-as-a-Service (IaaS) clouds. We formulate 15 hypotheses relating to the nature of performance variations in IaaS systems, to the factors of influence of performance variations, and how to compare different instance types. In a second step, we conduct extensive real-life experimentation on four cloud providers to empirically validate those hypotheses. We show that there are substantial differences between providers. Hardware heterogeneity is today less prevalent than reported in earlier research, while multitenancy has a dramatic impact on performance and predictability, but only for some cloud providers. We were unable to discover a clear impact of the time of the day or the day of the week on cloud performance.},
journal = {ACM Trans. Internet Technol.},
month = apr,
articleno = {15},
numpages = {23},
keywords = {Infrastructure-as-a-service, benchmarking, public cloud}
}

@article{thompson2017extractingVIF,
  title={Extracting the variance inflation factor and other multicollinearity diagnostics from typical regression results},
  author={Thompson, Christopher Glen and Kim, Rae Seon and Aloe, Ariel M and Becker, Betsy Jane},
  journal={Basic and applied social psychology},
  volume={39},
  number={2},
  pages={81--90},
  year={2017},
  publisher={Taylor \& Francis}
}